@article{CLAS,
  author = {Mecking B.A.},
  title = {{The CEBAF Large Acceptance Spectrometer (CLAS)}},
  journal = {Nucl. Instrum. Meth. A},
  year = {2003},
  volume = {503},
  page = {513},
}


@article{Sober_2000,
  doi = {10.1016/s0168-9002(99)00784-6},
  url = {http://dx.doi.org/10.1016/s0168-9002(99)00784-6},
  year = {2000},
  month = {feb},
  publisher = {Elsevier {BV}},
  volume = {440},
  number = {2},
  pages = {263--284},
  author = {D.I. Sober and Hall Crannell and Alberto Longhi and S.K. Matthews and J.T. O{\textquotesingle}Brien and B.L. Berman and W.J. Briscoe and Philip L. Cole and J.P. Connelly and W.R. Dodge and L.Y. Murphy and S.A. Philips and M.K. Dugger and D. Lawrence and B.G. Ritchie and E.S. Smith and James M. Lambert and E. Anciant and G. Audit and T. Auger and C. Marchand and M. Klusman and J. Napolitano and M.A. Khandaker and C.W. Salgado and A.J. Sarty},
  title = {{The bremsstrahlung tagged photon beam in Hall B at {JLab}}},
  journal = {Nuclear Instruments and Methods in Physics Research Section A: Accelerators Spectrometers, Detectors and Associated Equipment},
}


@article{Keith_2012,
  doi = {10.1016/j.nima.2012.04.067},
  url = {http://dx.doi.org/10.1016/j.nima.2012.04.067},
  year = {2012},
  month = {aug},
  publisher = {Elsevier {BV}},
  volume = {684},
  pages = {27--35},
  author = {C.D. Keith and J. Brock and C. Carlin and S.A. Comer and D. Kashy and J. McAndrew and D.G. Meekins and E. Pasyuk and J.J. Pierce and M.L. Seely},
  title = {{The Jefferson Lab frozen spin target}},
  journal = {Nuclear Instruments and Methods in Physics Research Section A: Accelerators Spectrometers, Detectors and Associated Equipment},
}

@article{Natter_2003,
  volume = {211},
  pages = {465},
  author = {F.A. Natter et al.},
  journal = {Nuclear Instruments and Methods in Physics Research B},
  year  = {2010},
}

@TechReport{Sabin_2010,
  author = 	 {A.A. Sabintsev,K. Livingston},
  title = 	 {A Preliminary Investigation of the Linear Polarization in g9a/FROST,2010},
  institution =  {Thomas Jefferson Laboratory},
  year = 	 {2010},
  OPTkey = 	 {},
  type = 	 {CLAS-NOTE},
  number = 	 {009},
  OPTaddress = 	 {},
  OPTmonth = 	 {},
  OPTnote = 	 {},
  OPTannote = 	 {}
}

@Article{Bark_1974,
  author = 	 { I. S. Barker, A. Donnachie, J. K. Storrow},
  journal = 	 {Nuclear Physics B},
  year = 	 {1974},
  OPTkey = 	 {},
  volume = 	 {79},
  OPTnumber = 	 {},
  pages = 	 {431},
  OPTmonth = 	 {},
  OPTnote = 	 {},
  OPTannote = 	 {}
}

@TechReport{Anderson_table,
  author = 	 {M. Anderson},
  title = 	 {Polarization Tables},
  institution =  {University of Glasgow},
  note = {https://clasweb.jlab.org/rungroups/g9/wiki/index.php/G9a\_Photon\_Polarization\_extraction},
  OPTkey = 	 {},
  OPTtype = 	 {},
  OPTnumber = 	 {},
  OPTaddress = 	 {},
  OPTmonth = 	 {},
  OPTannote = 	 {}
}

